<record><leader>00000cas a22000007a 4500</leader><controlfield tag="001">20086749</controlfield><controlfield tag="008">890728d18931937mouwr ne      0    0eng d</controlfield><datafield ind1=" " ind2=" " tag="010"><subfield code="a">sn 89066861 </subfield></datafield><datafield ind1=" " ind2=" " tag="040"><subfield code="a">MQN</subfield><subfield code="b">eng</subfield><subfield code="c">MQN</subfield><subfield code="d">OCLCQ</subfield></datafield><datafield ind1=" " ind2=" " tag="042"><subfield code="a">msc</subfield></datafield><datafield ind1="0" ind2=" " tag="130"><subfield code="a">Cole Camp courier (Cole Camp, Mo. : 1893)</subfield></datafield><datafield ind1="1" ind2="0" tag="245"><subfield code="a">Cole Camp courier.</subfield></datafield><datafield ind1=" " ind2=" " tag="260"><subfield code="a">Cole Camp, Benton County, Mo. :</subfield><subfield code="b">G.M. Richards</subfield></datafield><datafield ind1=" " ind2=" " tag="300"><subfield code="a">v.</subfield></datafield><datafield ind1=" " ind2=" " tag="310"><subfield code="a">Weekly</subfield></datafield><datafield ind1="1" ind2=" " tag="362"><subfield code="a">Began in 1893? Ceased in 1937.</subfield></datafield><datafield ind1=" " ind2=" " tag="580"><subfield code="a">Merged with: Warsaw times (Warsaw, Mo. : 1865), and: Benton County enterprise (Warsaw, Mo. : 1883), to form: Benton County guide.</subfield></datafield><datafield ind1=" " ind2=" " tag="588"><subfield code="a">Description based on: Vol. 3, no. 31 (Apr. 1, 1897).</subfield></datafield><datafield ind1=" " ind2=" " tag="752"><subfield code="a">United States</subfield><subfield code="b">Missouri</subfield><subfield code="c">Benton</subfield><subfield code="d">Cole Camp.</subfield></datafield><datafield ind1="1" ind2="7" tag="785"><subfield code="t">Warsaw times (Warsaw, Mo. : 1865)</subfield><subfield code="w">(DLC)sn 85034165</subfield></datafield><datafield ind1="1" ind2="7" tag="785"><subfield code="t">Benton County enterprise (Warsaw, Mo. : 1883)</subfield><subfield code="w">(DLC)sn 89066860</subfield></datafield><datafield ind1="1" ind2="7" tag="785"><subfield code="t">Benton County guide</subfield><subfield code="w">(DLC)sn 89066859</subfield></datafield></record>